<record><leader>00000cas a22000007a 4500</leader><controlfield tag="001">12708358</controlfield><controlfield tag="008">851023d18281829vauwr ne      0    0eng d</controlfield><datafield ind1=" " ind2=" " tag="010"><subfield code="a">sn 85026878 </subfield></datafield><datafield ind1=" " ind2=" " tag="040"><subfield code="a">NPX</subfield><subfield code="b">eng</subfield><subfield code="c">NPX</subfield><subfield code="d">DLC</subfield><subfield code="d">KRTAS</subfield><subfield code="d">OCLCQ</subfield></datafield><datafield ind1=" " ind2=" " tag="042"><subfield code="a">msc</subfield></datafield><datafield ind1="0" ind2="0" tag="050"><subfield code="a">Newspaper 10140</subfield></datafield><datafield ind1="0" ind2="4" tag="245"><subfield code="a">The Phoenix plough-boy.</subfield></datafield><datafield ind1=" " ind2=" " tag="260"><subfield code="a">Williamsburg, Va. :</subfield><subfield code="b">Bruff &amp; Repiton</subfield></datafield><datafield ind1=" " ind2=" " tag="300"><subfield code="a">v. ;</subfield><subfield code="c">46 cm.</subfield></datafield><datafield ind1=" " ind2=" " tag="310"><subfield code="a">Weekly</subfield></datafield><datafield ind1="1" ind2=" " tag="362"><subfield code="a">Began with June 18, 1828 issue.</subfield><subfield code="z">Cf. Cappon, L.J. Va. newspapers.</subfield></datafield><datafield ind1="1" ind2=" " tag="362"><subfield code="a">Ceased in June 1829?</subfield><subfield code="z">Cf. Gregory, W. Amer. newspapers.</subfield></datafield><datafield ind1=" " ind2=" " tag="588"><subfield code="a">Description based on: Vol. 1, no. 5 (July 16, 1828).</subfield></datafield><datafield ind1=" " ind2=" " tag="752"><subfield code="a">United States</subfield><subfield code="b">Virginia</subfield><subfield code="d">Williamsburg.</subfield></datafield><datafield ind1="0" ind2="4" tag="780"><subfield code="t">Phoenix gazette, Williamsburg intelligencer</subfield><subfield code="w">(DLC)sn 85026877</subfield></datafield><datafield ind1="0" ind2="4" tag="780"><subfield code="t">Virginia plough-boy and Williamsburg advocate</subfield><subfield code="w">(DLC)sn 85026879</subfield></datafield><datafield ind1="0" ind2="0" tag="785"><subfield code="t">Virginia Phoenix (Williamsburg, Va.)</subfield><subfield code="w">(DLC)sn 86071901</subfield></datafield><datafield ind1=" " ind2=" " tag="938"><subfield code="a">Kirtas Technologies, Inc.</subfield><subfield code="b">KRTS</subfield><subfield code="n">739426</subfield></datafield><datafield ind1="1" ind2=" " tag="029"><subfield code="a">AU@</subfield><subfield code="b">000025831291</subfield></datafield></record>